% Encoding: UTF-8

@Book{knuth:1984,
  author    = {Donald E. Knuth},
  publisher = {Addison-Wesley},
  title     = {The \TeX Book},
  year      = {1984},
  groups    = {Test},
}

@Article{ziegenhagen:2017,
  author  = {Uwe Ziegenhagen},
  journal = {DTK},
  title   = {Wie man einen eigenen \TeX Live Mirror betreibt},
  year    = {2017},
}

@Article{amt-14-2717-2021,
AUTHOR = {Wolff, S. and Ehret, G. and Kiemle, C. and Amediek, A. and Quatrevalet, M. and Wirth, M. and Fix, A.},
TITLE = {Determination of the emission rates of \ch{CO2} point sources with airborne lidar},
JOURNAL = {Atmospheric Measurement Techniques},
VOLUME = {14},
YEAR = {2021},
NUMBER = {4},
PAGES = {2717--2736},
URL = {https://amt.copernicus.org/articles/14/2717/2021/},
DOI = {10.5194/amt-14-2717-2021}
}

@Book{kohm:2018,
  author    = {Markus Kohm},
  publisher = {lehmanns},
  title     = {KOMA-Script},
  year      = {2018},
  edition   = {6},
  isbn      = {978-3-86541-951-4},
  month     = apr,
  groups    = {Test},
}

@Comment{jabref-meta: databaseType:bibtex;}

@Comment{jabref-meta: grouping:
0 AllEntriesGroup:;
1 StaticGroup:Test\;0\;1\;0x8a8a8aff\;\;\;;
}
